Run Start Time,Total Time Taken (ms),Total Mistakes,Layout Difficulty,Mistake Chains
2024-01-23 21:51:56.030,9031.0,1.0,55.715652173913035,1
2024-01-23 21:52:10.360,9715.0,0.0,80.55391304347825,0
2024-01-23 21:52:25.174,8683.0,1.0,71.3208695652174,1
2024-01-23 21:52:39.189,9533.0,5.0,70.85586206896552,3
2024-01-23 21:52:53.704,10932.0,1.0,76.1612,1
2024-01-23 21:53:10.653,9198.0,0.0,61.36478260869565,0
2024-01-23 21:53:24.717,8332.0,3.0,61.577999999999996,3
2024-01-23 21:53:38.132,10415.0,3.0,55.9564,3
2024-01-23 21:53:53.447,9832.0,1.0,67.49833333333333,1
2024-01-23 21:54:08.061,9766.0,1.0,58.162608695652175,1
2024-01-23 21:54:22.893,13631.0,5.0,58.87259259259258,3
2024-01-23 21:54:41.240,11215.0,3.0,53.931599999999996,2
2024-01-23 21:54:57.338,9849.0,5.0,69.02275862068966,3
2024-01-23 21:55:12.353,8949.0,1.0,57.39772727272727,1
2024-01-23 21:55:26.268,11415.0,3.0,61.69416666666666,2
2024-01-23 21:55:42.499,9832.0,4.0,59.08576923076923,2
2024-01-23 21:55:57.163,8682.0,0.0,63.22708333333333,0
2024-01-23 21:56:10.712,9449.0,0.0,71.02681818181817,0
2024-01-23 21:56:25.126,10066.0,1.0,67.21826086956521,1
2024-01-23 21:56:40.041,10032.0,1.0,50.8775,1
2024-01-23 21:56:54.972,9982.0,0.0,65.98454545454545,0
2024-01-23 21:57:09.936,7583.0,1.0,63.43913043478261,1
2024-01-23 21:57:22.434,8516.0,0.0,79.04272727272725,0
2024-01-23 21:57:35.749,10499.0,2.0,60.80039999999999,2
2024-01-23 21:57:51.048,10715.0,0.0,66.43173913043479,0
2024-01-23 21:58:06.646,9116.0,0.0,56.450869565217396,0
2024-01-23 21:58:20.660,10216.0,3.0,55.75919999999999,2
2024-01-23 21:58:35.942,10315.0,1.0,69.35359999999999,1
2024-01-23 21:58:51.273,10114.0,2.0,58.71960000000001,2
2024-01-23 21:59:06.320,10982.0,0.0,62.056521739130424,0
2024-01-23 21:59:22.268,10998.0,2.0,62.51439999999999,2
2024-01-23 21:59:38.116,15181.0,12.0,54.20399999999999,6
2024-01-23 21:59:58.547,11565.0,3.0,55.20423076923077,3
2024-01-23 22:00:14.994,11782.0,4.0,60.52964285714286,3
2024-01-23 22:00:31.726,11581.0,3.0,57.084230769230764,3
2024-01-23 22:00:48.223,10049.0,1.0,56.27125,1
2024-01-23 22:01:03.122,9964.0,1.0,59.29173913043476,1
2024-01-23 22:01:18.052,11649.0,6.0,63.473448275862076,4
2024-01-23 22:01:34.900,9966.0,5.0,60.214400000000005,4
2024-01-23 22:01:49.765,11465.0,2.0,55.88879999999998,2
2024-01-23 22:02:06.247,10281.0,1.0,64.28125,1
2024-01-23 22:02:21.478,9464.0,2.0,66.8632,1
2024-01-23 22:02:35.792,9332.0,1.0,59.349130434782616,1
2024-01-23 22:02:50.140,11416.0,4.0,61.226400000000005,4
2024-01-23 22:03:06.639,10398.0,1.0,49.279545454545456,1
2024-01-23 22:03:22.136,10433.0,1.0,58.66043478260869,1
2024-01-23 22:03:37.518,11898.0,2.0,61.898799999999994,2
2024-01-23 22:03:54.515,10015.0,0.0,69.37565217391302,0
2024-01-23 22:04:09.396,9999.0,1.0,65.6524,1
2024-01-23 22:04:24.444,9815.0,2.0,67.19999999999999,1
2024-01-23 22:04:39.092,11415.0,2.0,65.88416666666667,2
2024-01-23 22:04:55.306,8782.0,5.0,74.19279999999999,3
2024-01-23 22:05:09.005,11965.0,8.0,55.71096774193549,6
2024-01-23 22:05:25.852,9749.0,5.0,56.0774074074074,4
2024-01-23 22:05:40.350,9199.0,0.0,71.19260869565217,0
2024-01-23 22:05:54.548,9615.0,1.0,61.7228,1
2024-01-23 22:06:09.096,12681.0,4.0,51.70600000000001,3
2024-01-23 22:06:26.727,10515.0,1.0,64.65791666666668,1
2024-01-23 22:06:42.108,9648.0,0.0,68.43,0
2024-01-23 22:06:56.757,12415.0,3.0,49.908148148148136,2
2024-01-23 22:07:14.188,11665.0,4.0,47.5403846153846,3
2024-01-23 22:07:30.719,10632.0,2.0,48.57759999999999,2
2024-01-23 22:07:45.967,11099.0,5.0,59.27241379310345,4
2024-01-23 22:08:01.714,10899.0,2.0,50.11913043478261,2
2024-01-23 22:08:17.645,11732.0,5.0,74.92034482758619,3
2024-01-23 22:08:34.277,9532.0,1.0,68.60083333333333,1
2024-01-23 22:08:48.824,9799.0,0.0,60.20999999999999,0
2024-01-23 22:09:04.239,11766.0,4.0,56.82777777777778,4
2024-01-23 22:09:20.820,10799.0,2.0,61.074000000000005,1
2024-01-23 22:09:36.435,9548.0,2.0,69.11541666666666,2
2024-01-23 22:09:50.950,11932.0,4.0,55.81461538461539,2
2024-01-23 22:10:07.881,10549.0,3.0,62.69038461538462,2
2024-01-23 22:10:23.412,10299.0,0.0,71.78260869565217,0
2024-01-23 22:10:38.610,10399.0,2.0,60.96280000000001,2
2024-01-23 22:10:53.925,10282.0,2.0,62.934999999999995,2
2024-01-23 22:11:09.172,10766.0,1.0,67.7325,1
2024-01-23 22:11:24.788,10732.0,1.0,59.64681818181816,1
2024-01-23 22:11:40.918,10900.0,0.0,65.1068181818182,0
2024-01-23 22:11:56.966,10415.0,0.0,74.74272727272727,0
2024-01-23 22:12:12.514,10183.0,2.0,56.159565217391275,2
2024-01-23 22:12:27.880,10147.0,0.0,60.82086956521738,0
2024-01-23 22:12:44.210,9981.0,3.0,57.7425,3
2024-01-23 22:12:59.141,9865.0,2.0,63.35280000000001,1
2024-01-23 22:13:14.156,11282.0,4.0,65.48642857142859,3
2024-01-23 22:13:30.387,8699.0,1.0,64.10208333333334,1
2024-01-23 22:13:43.835,11131.0,3.0,61.073846153846155,2
2024-01-23 22:13:59.916,9348.0,0.0,64.56304347826087,0
2024-01-23 22:14:14.247,9732.0,1.0,68.54304347826086,1
2024-01-23 22:14:28.879,9764.0,0.0,68.85434782608695,0
2024-01-23 22:14:43.810,9565.0,0.0,60.771739130434796,0
2024-01-23 22:14:58.258,9482.0,0.0,59.475,0
2024-01-23 22:15:12.523,10848.0,3.0,74.7176923076923,2
2024-01-23 22:15:28.188,9864.0,1.0,60.30625,1
2024-01-23 22:15:42.852,9849.0,0.0,64.12217391304348,0
2024-01-23 22:15:57.600,10966.0,3.0,50.88319999999999,3
2024-01-23 22:16:13.482,9949.0,0.0,66.85190476190476,0
2024-01-23 22:16:28.380,10049.0,2.0,64.0864,1
2024-01-23 22:16:43.244,10233.0,1.0,59.594999999999985,1
2024-01-23 22:16:58.909,10631.0,2.0,78.2888,1
2024-01-23 22:17:14.656,9416.0,0.0,63.97391304347825,0
2024-01-23 22:17:28.954,10399.0,0.0,75.07608695652173,0
2024-01-23 22:17:44.002,11016.0,3.0,61.04961538461537,3
2024-01-23 22:17:59.950,10315.0,0.0,71.33818181818181,0
2024-01-23 22:18:15.181,11449.0,2.0,74.62708333333333,2
2024-01-23 22:18:31.595,10083.0,0.0,75.80217391304346,0
2024-01-23 22:18:46.627,9931.0,3.0,55.458,2
2024-01-23 22:19:01.342,10998.0,5.0,74.45846153846153,5
2024-01-23 22:19:17.190,11032.0,3.0,58.190769230769234,2
2024-01-23 22:19:32.972,10748.0,5.0,61.710384615384626,3
2024-01-23 22:19:48.569,8448.0,0.0,73.02521739130434,0
2024-01-23 22:20:01.768,9398.0,0.0,64.87869565217392,0
2024-01-23 22:20:15.999,10348.0,3.0,57.598461538461535,3
2024-01-23 22:20:31.131,10581.0,1.0,64.9284,1
2024-01-23 22:20:46.812,11047.0,3.0,68.99851851851852,2
2024-01-23 22:21:02.958,9616.0,5.0,68.4996,3
2024-01-23 22:21:17.673,11082.0,0.0,62.37875,0
2024-01-23 22:21:33.770,8733.0,1.0,69.82695652173913,1
2024-01-23 22:21:47.986,10065.0,5.0,53.53655172413792,3
