Run Start Time,Total Time Taken (ms),Total Mistakes,Layout Difficulty,Mistake Chains
2024-02-26 12:22:33.767,11576.0,2.0,61.79269230769231,2
2024-02-26 12:22:50.714,10859.0,2.0,56.99692307692308,1
2024-02-26 12:23:06.894,11610.0,3.0,54.66777777777778,3
2024-02-26 12:23:23.758,8774.0,1.0,53.70249999999999,1
2024-02-26 12:23:37.587,13277.0,4.0,65.18444444444445,4
2024-02-26 12:23:55.935,12043.0,4.0,67.39392857142857,4
2024-02-26 12:24:13.183,10192.0,3.0,58.38777777777778,3
2024-02-26 12:24:28.362,9174.0,2.0,63.885600000000004,2
2024-02-26 12:24:42.691,9792.0,2.0,56.657692307692315,1
2024-02-26 12:24:58.171,11643.0,2.0,53.16583333333333,2
2024-02-26 12:25:14.768,10842.0,2.0,56.68333333333334,1
2024-02-26 12:25:30.615,9691.0,1.0,55.094166666666666,1
2024-02-26 12:25:45.326,11927.0,6.0,71.7596551724138,3
2024-02-26 12:26:02.174,10375.0,1.0,75.22833333333334,1
2024-02-26 12:26:17.620,11559.0,9.0,65.319,6
2024-02-26 12:26:34.717,9175.0,5.0,57.89,4
2024-02-26 12:26:48.663,9458.0,0.0,65.43791666666667,0
2024-02-26 12:27:03.258,7990.0,0.0,52.74782608695652,0
2024-02-26 12:27:16.353,9441.0,2.0,53.646,2
2024-02-26 12:27:30.731,8808.0,1.0,72.88541666666667,1
2024-02-26 12:27:44.576,14078.0,7.0,60.20766666666667,5
2024-02-26 12:28:03.591,8775.0,1.0,48.5668,1
2024-02-26 12:28:17.536,9109.0,1.0,63.973749999999995,1
2024-02-26 12:28:31.648,8073.0,1.0,51.672399999999996,1
2024-02-26 12:28:44.743,9191.0,2.0,67.30692307692308,2
2024-02-26 12:28:58.938,9808.0,1.0,57.23583333333334,1
2024-02-26 12:29:13.734,11409.0,3.0,68.89730769230769,2
2024-02-26 12:29:30.348,9607.0,3.0,61.99038461538461,2
2024-02-26 12:29:45.110,10826.0,4.0,65.50642857142857,3
2024-02-26 12:30:00.906,9225.0,2.0,50.968,2
2024-02-26 12:30:15.286,10742.0,4.0,65.93714285714286,3
2024-02-26 12:30:31.015,10125.0,3.0,59.25461538461538,1
2024-02-26 12:30:46.295,10075.0,1.0,62.27434782608695,1
2024-02-26 12:31:01.524,10425.0,2.0,68.0452,1
2024-02-26 12:31:17.004,10775.0,1.0,61.425200000000004,1
2024-02-26 12:31:32.767,10726.0,0.0,62.68391304347826,0
2024-02-26 12:31:48.563,9775.0,0.0,69.87652173913044,0
2024-02-26 12:32:03.225,10626.0,2.0,60.17666666666667,1
2024-02-26 12:32:19.072,8858.0,0.0,70.71,0
2024-02-26 12:32:33.034,11809.0,7.0,54.05612903225806,4
2024-02-26 12:32:49.898,9708.0,2.0,70.7788,1
2024-02-26 12:33:04.760,9892.0,5.0,56.610769230769236,4
2024-02-26 12:33:19.723,9808.0,2.0,61.34347826086957,2
2024-02-26 12:33:34.452,9825.0,2.0,63.163599999999995,1
2024-02-26 12:33:49.064,7723.0,0.0,61.565652173913044,0
2024-02-26 12:34:01.791,9208.0,1.0,51.3336,1
2024-02-26 12:34:16.086,10126.0,5.0,63.455357142857146,3
2024-02-26 12:34:31.232,9025.0,1.0,71.90333333333334,1
2024-02-26 12:34:45.461,10959.0,6.0,60.05172413793103,3
2024-02-26 12:35:01.657,9675.0,2.0,59.967083333333335,2
2024-02-26 12:35:16.570,9658.0,0.0,56.55791666666667,0
2024-02-26 12:35:31.382,10192.0,3.0,62.88583333333333,2
2024-02-26 12:35:46.695,10759.0,1.0,54.63625,1
2024-02-26 12:36:02.542,9591.0,1.0,50.971363636363634,1
2024-02-26 12:37:26.395,9725.0,2.0,67.984,2
2024-02-26 12:37:41.176,11291.0,7.0,75.16677419354839,5
2024-02-26 12:37:57.554,7840.0,0.0,64.85608695652174,0
2024-02-26 12:38:10.949,9708.0,2.0,68.30230769230769,1
2024-02-26 12:38:25.628,11193.0,3.0,70.11653846153845,2
2024-02-26 12:38:41.975,10726.0,2.0,60.446923076923085,2
2024-02-26 12:38:57.688,12611.0,10.0,75.27352941176471,7
2024-02-26 12:39:15.386,11610.0,5.0,67.13111111111111,3
2024-02-26 12:39:31.967,9842.0,4.0,63.7337037037037,3
2024-02-26 12:39:46.862,8192.0,2.0,65.44720000000001,2
2024-02-26 12:40:00.174,11459.0,4.0,73.05222222222223,3
2024-02-26 12:40:16.654,10159.0,3.0,57.83520000000001,3
2024-02-26 12:40:31.717,8122.999999999999,0.0,62.88695652173914,0
2024-02-26 12:40:45.044,11260.0,2.0,70.37400000000001,2
2024-02-26 12:41:01.408,8957.0,0.0,66.54208333333334,0
2024-02-26 12:41:15.536,9942.0,1.0,64.30739130434782,1
2024-02-26 12:41:30.415,10659.0,2.0,55.2108,2
2024-02-26 12:41:46.128,9876.0,2.0,56.3228,2
2024-02-26 12:42:01.391,9592.0,1.0,63.871818181818185,1
2024-02-26 12:42:16.020,9375.0,2.0,60.8008,2
2024-02-26 12:42:30.516,9074.0,1.0,64.27,1
2024-02-26 12:42:44.661,10208.0,3.0,57.18769230769231,3
2024-02-26 12:43:00.207,8690.0,1.0,79.31695652173913,1
2024-02-26 12:43:13.952,9574.0,1.0,66.81913043478261,1
2024-02-26 12:43:28.413,8691.0,1.0,77.27000000000001,1
2024-02-26 12:43:42.058,9725.0,0.0,58.203043478260874,0
2024-02-26 12:43:56.837,10209.0,4.0,62.326071428571424,2
2024-02-26 12:44:12.067,8591.0,3.0,66.90480000000001,2
2024-02-26 12:44:25.828,9441.0,0.0,61.27916666666667,0
2024-02-26 12:44:40.624,9424.0,4.0,75.19666666666666,3
2024-02-26 12:44:55.253,8342.0,0.0,61.57869565217391,0
2024-02-26 12:45:08.797,11076.0,4.0,63.41892857142857,3
2024-02-26 12:45:24.877,8741.0,1.0,64.47166666666666,1
2024-02-26 12:45:38.572,10926.0,3.0,66.34269230769232,3
2024-02-26 12:45:54.636,10825.0,1.0,65.60521739130435,1
2024-02-26 12:46:10.398,9559.0,1.0,72.1252,1
2024-02-26 12:46:25.011,9925.0,2.0,67.1812,2
2024-02-26 12:46:39.723,7907.0,1.0,67.46217391304349,1
2024-02-26 12:46:52.567,9191.0,0.0,71.40454545454546,0
2024-02-26 12:47:06.829,8341.0,1.0,63.42583333333334,1
2024-02-26 12:47:20.340,10726.0,7.0,66.89366666666666,4
2024-02-26 12:47:36.104,11376.0,1.0,57.49791666666667,1
2024-02-26 12:47:52.501,9041.0,4.0,64.8662962962963,2
2024-02-26 12:48:06.496,9658.0,0.0,65.88375,0
2024-02-26 12:48:21.325,10509.0,2.0,71.08125,1
2024-02-26 12:48:36.838,9959.0,2.0,62.4772,2
2024-02-26 12:48:51.751,9241.0,2.0,74.23538461538462,2
2024-02-26 12:49:05.979,9108.0,0.0,60.67,0
2024-02-26 12:49:20.375,13194.0,6.0,64.23964285714285,6
2024-02-26 12:49:38.440,10425.0,2.0,54.8956,1
2024-02-26 12:49:54.236,8741.0,2.0,58.04416666666666,1
2024-02-26 12:50:07.814,9325.0,2.0,69.07269230769231,1
2024-02-26 12:50:22.126,11593.0,4.0,57.9128,4
2024-02-26 12:50:39.074,8006.0,0.0,69.0786956521739,0
2024-02-26 12:50:52.201,10342.0,0.0,67.34217391304347,0
2024-02-26 12:51:07.614,9875.0,1.0,72.5904,1
2024-02-26 12:51:22.660,11193.0,5.0,66.31035714285714,3
2024-02-26 12:51:38.873,10142.0,5.0,71.55892857142858,4
2024-02-26 12:51:54.069,8491.0,1.0,73.42958333333333,1
2024-02-26 12:52:07.597,10158.0,3.0,60.97076923076923,2
2024-02-26 12:52:22.993,8074.0,1.0,54.01909090909091,1
2024-02-26 12:52:36.154,10492.0,4.0,55.24111111111111,3
2024-02-26 12:52:51.584,11827.0,6.0,61.80857142857143,4
2024-02-26 12:53:08.665,11777.0,8.0,78.27933333333334,6
2024-02-26 12:53:25.913,10008.0,0.0,66.20833333333333,0
2024-02-26 12:53:41.342,10109.0,2.0,68.1328,2
