Run Start Time,Total Time Taken (ms),Total Mistakes,Layout Difficulty,Mistake Chains
2024-02-28 15:47:20.881,10926.0,1.0,69.82208333333334,1
2024-02-28 15:47:36.711,8824.0,1.0,53.72208333333333,1
2024-02-28 15:47:50.422,9658.0,2.0,59.92192307692308,1
2024-02-28 15:48:04.868,9024.0,4.0,57.504999999999995,3
2024-02-28 15:48:19.246,8624.0,3.0,60.05458333333333,3
2024-02-28 15:48:32.841,9558.0,1.0,54.495000000000005,1
2024-02-28 15:48:47.353,10492.0,1.0,75.52565217391304,1
2024-02-28 15:49:02.633,10375.0,0.0,63.64958333333334,0
2024-02-28 15:49:17.845,9392.0,0.0,60.62583333333333,0
2024-02-28 15:49:32.507,9908.0,3.0,72.02846153846154,2
2024-02-28 15:49:47.336,10509.0,1.0,68.54541666666667,1
2024-02-28 15:50:02.683,8473.0,1.0,57.713750000000005,1
2024-02-28 15:50:16.160,9425.0,2.0,60.532692307692315,2
2024-02-28 15:50:30.405,8007.999999999999,1.0,62.40875,1
2024-02-28 15:50:43.233,11009.0,1.0,62.082,1
2024-02-28 15:50:59.096,8141.0,0.0,75.16545454545455,0
2024-02-28 15:51:12.107,9525.0,3.0,66.11269230769231,2
2024-02-28 15:51:26.870,9959.0,2.0,59.4172,2
2024-02-28 15:51:41.615,11293.0,7.0,57.445,5
2024-02-28 15:51:57.795,8693.0,1.0,67.5192,1
2024-02-28 15:52:11.373,10726.0,3.0,57.80222222222223,3
2024-02-28 15:52:26.936,9976.0,2.0,45.072399999999995,2
2024-02-28 15:52:41.765,10759.0,4.0,49.86730769230769,4
2024-02-28 15:52:57.512,11025.0,4.0,61.1775,4
2024-02-28 15:53:13.392,10125.0,6.0,76.73793103448276,5
2024-02-28 15:53:28.388,9324.0,1.0,63.77041666666667,1
2024-02-28 15:53:42.717,8857.0,4.0,43.99807692307692,3
2024-02-28 15:53:56.444,8608.0,0.0,71.57652173913043,0
2024-02-28 15:54:09.873,10024.0,0.0,56.8295652173913,0
2024-02-28 15:54:24.819,11292.0,3.0,60.1796,2
2024-02-28 15:54:40.882,10742.0,1.0,60.3164,1
2024-02-28 15:54:56.461,9241.0,1.0,62.53916666666667,1
2024-02-28 15:55:10.623,10209.0,5.0,57.32535714285715,2
2024-02-28 15:55:25.685,8258.0,2.0,63.996,1
2024-02-28 15:55:38.763,9075.0,3.0,54.77961538461538,3
2024-02-28 15:55:53.192,8357.0,1.0,71.51458333333333,1
2024-02-28 15:56:06.470,8006.0,1.0,60.9288,1
2024-02-28 15:56:19.531,9641.0,1.0,70.91041666666666,1
2024-02-28 15:56:34.060,7906.0,0.0,65.24782608695652,0
2024-02-28 15:56:46.937,9542.0,4.0,59.112500000000004,3
2024-02-28 15:57:01.299,10759.0,4.0,61.33730769230769,3
2024-02-28 15:57:16.962,10909.0,4.0,56.933703703703706,4
2024-02-28 15:57:32.708,9692.0,2.0,62.878461538461536,2
2024-02-28 15:57:47.220,9375.0,3.0,54.1008,3
2024-02-28 15:58:01.416,9591.0,4.0,69.1108,2
2024-02-28 15:58:15.761,9942.0,1.0,59.00125,1
2024-02-28 15:58:30.507,10859.0,8.0,64.81516129032258,5
2024-02-28 15:58:46.354,10408.0,2.0,67.8612,1
2024-02-28 15:59:02.166,10409.0,4.0,61.327777777777776,3
2024-02-28 15:59:17.429,8507.0,0.0,54.10913043478261,0
2024-02-28 15:59:31.341,10108.0,2.0,63.392307692307696,2
2024-02-28 15:59:46.753,10026.0,3.0,55.534615384615385,3
2024-02-28 16:00:03.000,8657.0,2.0,66.65541666666667,2
2024-02-28 16:00:16.495,8558.0,0.0,71.02904761904762,0
2024-02-28 16:00:29.839,9575.0,4.0,63.974799999999995,3
2024-02-28 16:00:44.468,7923.0,3.0,57.71769230769231,3
2024-02-28 16:00:57.412,9675.0,3.0,52.918,2
2024-02-28 16:01:11.924,9658.0,1.0,71.30666666666666,1
2024-02-28 16:01:26.570,8741.0,3.0,66.3972,2
2024-02-28 16:01:40.231,8741.0,1.0,68.944,1
2024-02-28 16:01:54.077,9474.0,0.0,66.7195652173913,0
2024-02-28 16:02:08.522,9642.0,2.0,75.5968,1
2024-02-28 16:02:23.318,9790.0,0.0,67.32304347826087,0
2024-02-28 16:02:37.963,8273.0,1.0,65.60217391304347,1
2024-02-28 16:02:51.140,10492.0,0.0,65.54208333333334,0
2024-02-28 16:03:06.753,9391.0,3.0,67.0856,2
2024-02-28 16:03:20.965,9058.0,0.0,61.60826086956522,0
2024-02-28 16:03:34.894,8757.0,0.0,68.00304347826086,0
2024-02-28 16:03:48.505,9274.0,2.0,55.592,2
2024-02-28 16:04:02.733,10526.0,3.0,54.193461538461534,2
2024-02-28 16:04:18.180,9074.0,0.0,66.13391304347826,0
2024-02-28 16:04:32.075,13544.0,9.0,60.68125,6
2024-02-28 16:04:50.607,8390.0,1.0,68.32560000000001,1
2024-02-28 16:05:03.885,9891.0,1.0,61.455652173913045,1
2024-02-28 16:05:18.614,9124.0,1.0,73.5716,1
2024-02-28 16:05:32.608,8741.0,2.0,67.38916666666667,1
2024-02-28 16:05:46.203,7639.0,0.0,56.47666666666667,0
2024-02-28 16:05:58.714,7856.0,1.0,60.62416666666667,1
2024-02-28 16:06:11.441,8974.0,0.0,69.13478260869564,0
2024-02-28 16:06:25.186,8590.0,0.0,62.47826086956522,0
2024-02-28 16:06:38.697,10658.0,3.0,55.474230769230765,3
2024-02-28 16:06:54.026,7607.0,0.0,61.559999999999995,0
2024-02-28 16:07:06.537,8623.0,0.0,68.83916666666667,0
2024-02-28 16:07:19.999,7540.0,0.0,68.96434782608696,0
2024-02-28 16:07:32.442,9458.0,3.0,68.9384,2
2024-02-28 16:07:46.637,9692.0,2.0,70.05720000000001,2
2024-02-28 16:08:01.366,10443.0,5.0,55.83821428571429,3
2024-02-28 16:08:16.646,9108.0,2.0,63.21,2
2024-02-28 16:08:30.775,8623.0,1.0,75.28583333333333,1
2024-02-28 16:08:44.252,8991.0,2.0,66.47434782608696,2
2024-02-28 16:08:58.180,9709.0,0.0,67.36541666666666,0
2024-02-28 16:09:12.709,9809.0,4.0,66.65115384615385,3
2024-02-28 16:09:27.372,11192.0,4.0,66.95807692307693,4
2024-02-28 16:09:43.518,8457.0,2.0,54.2072,2
2024-02-28 16:09:57.046,9558.0,0.0,70.40416666666667,0
2024-02-28 16:10:11.441,9208.0,3.0,68.52461538461539,2
2024-02-28 16:10:25.670,8557.0,0.0,75.14173913043479,0
2024-02-28 16:10:39.031,8825.0,0.0,58.84875,0
2024-02-28 16:10:52.793,7824.0,1.0,62.864,1
2024-02-28 16:11:05.587,9374.0,0.0,68.99833333333333,0
2024-02-28 16:11:19.799,10192.0,3.0,68.74076923076923,2
2024-02-28 16:11:34.878,7840.0,3.0,73.73769230769231,3
2024-02-28 16:11:47.655,7740.0,1.0,69.1025,1
2024-02-28 16:12:00.133,7974.0,2.0,64.7416,2
2024-02-28 16:12:12.943,8641.0,2.0,66.91760000000001,2
2024-02-28 16:12:26.638,8924.0,1.0,53.50666666666667,1
2024-02-28 16:12:40.482,9092.0,1.0,56.041666666666664,1
2024-02-28 16:12:54.628,9842.0,0.0,58.58826086956522,0
2024-02-28 16:13:09.457,9775.0,3.0,55.98407407407407,3
2024-02-28 16:13:24.102,10309.0,3.0,57.417307692307695,3
2024-02-28 16:13:39.299,9991.0,2.0,55.649166666666666,1
2024-02-28 16:13:54.545,8257.0,0.0,71.11130434782608,0
2024-02-28 16:14:07.689,10693.0,6.0,65.03655172413792,4
2024-02-28 16:14:23.185,9526.0,1.0,63.60333333333333,1
2024-02-28 16:14:37.764,8991.0,1.0,60.427083333333336,1
2024-02-28 16:14:51.592,9141.0,2.0,61.723333333333336,1
2024-02-28 16:15:05.620,10109.0,2.0,55.822399999999995,2
2024-02-28 16:15:20.750,7906.0,0.0,65.13833333333334,0
2024-02-28 16:15:33.746,7955.0,0.0,73.77391304347826,0
2024-02-28 16:15:46.872,8657.0,3.0,66.072,3
2024-02-28 16:16:00.383,8691.0,3.0,65.3796,2
2024-02-28 16:16:14.145,10442.0,1.0,75.49,1
2024-02-28 16:16:29.574,8857.0,1.0,60.923750000000005,1
2024-02-28 16:16:43.218,9959.0,0.0,72.63217391304347,0
2024-02-28 16:16:58.264,9609.0,2.0,64.49333333333333,1
2024-02-28 16:17:13.260,10542.0,2.0,59.88153846153846,2
