Run Start Time,Total Time Taken (ms),Total Mistakes,Layout Difficulty,Mistake Chains
2024-02-22 02:22:59.327,10898.0,3.0,69.93269230769234,2
2024-02-22 02:23:17.042,9648.0,3.0,52.11925925925925,2
2024-02-22 02:23:31.755,10149.0,3.0,55.57269230769229,2
2024-02-22 02:23:46.976,11848.0,4.0,65.41000000000001,3
2024-02-22 02:24:03.690,9932.0,2.0,66.0116,1
2024-02-22 02:24:18.522,9865.0,1.0,73.65739130434783,1
2024-02-22 02:24:33.520,9845.0,4.0,54.84615384615385,2
2024-02-22 02:24:48.298,9549.0,2.0,70.9184,1
2024-02-22 02:25:02.830,8632.0,0.0,54.2186956521739,0
2024-02-22 02:25:16.444,9249.0,1.0,58.5316,1
2024-02-22 02:25:30.660,11097.0,5.0,69.45666666666666,5
2024-02-22 02:25:46.558,8882.0,1.0,56.25565217391304,1
2024-02-22 02:26:00.323,11015.0,3.0,70.67479999999999,3
2024-02-22 02:26:16.404,9982.0,1.0,72.59541666666667,1
2024-02-22 02:26:31.486,8815.0,0.0,49.8095652173913,0
2024-02-22 02:26:45.217,10832.0,0.0,58.017826086956525,0
2024-02-22 02:27:01.148,9382.0,0.0,72.21695652173915,0
2024-02-22 02:27:15.529,9633.0,1.0,68.04590909090909,1
2024-02-22 02:27:30.044,8983.0,2.0,54.52769230769229,1
2024-02-22 02:27:43.942,9599.0,1.0,70.91347826086957,1
2024-02-22 02:27:58.424,8715.0,1.0,65.7016,1
2024-02-22 02:28:12.339,10098.0,5.0,60.65423076923077,3
2024-02-22 02:28:27.303,10266.0,2.0,55.7132,2
2024-02-22 02:28:42.518,11481.0,5.0,73.3492,3
2024-02-22 02:28:59.082,11615.0,6.0,63.5775,4
2024-02-22 02:29:15.563,9265.0,2.0,63.05960000000001,1
2024-02-22 02:29:29.645,10599.0,3.0,57.27576923076923,2
2024-02-22 02:29:45.344,10166.0,4.0,71.29115384615383,2
2024-02-22 02:30:00.359,10915.0,3.0,61.58230769230769,3
2024-02-22 02:30:16.240,10565.0,3.0,62.89192307692308,3
2024-02-22 02:30:31.705,10099.0,2.0,67.22884615384615,2
2024-02-22 02:30:46.785,9716.0,0.0,66.18347826086956,0
2024-02-22 02:31:01.516,8082.000000000001,1.0,66.3792,1
2024-02-22 02:31:14.482,9315.0,4.0,60.51359999999999,4
2024-02-22 02:31:28.829,8699.0,0.0,57.70681818181818,0
2024-02-22 02:31:42.478,8531.0,1.0,72.24833333333332,1
2024-02-22 02:31:56.009,11615.0,4.0,64.36346153846154,4
2024-02-22 02:32:12.640,9432.0,1.0,64.33833333333332,1
2024-02-22 02:32:27.021,9799.0,4.0,70.85583333333334,3
2024-02-22 02:32:41.769,8716.0,1.0,52.79130434782608,1
2024-02-22 02:32:55.318,8132.0,2.0,67.8325,1
2024-02-22 02:33:08.266,8800.0,3.0,64.7964,2
2024-02-22 02:33:21.897,10415.0,3.0,68.78148148148149,2
2024-02-22 02:33:37.463,9080.0,3.0,69.12346153846156,2
2024-02-22 02:33:51.426,11032.0,2.0,59.34079999999999,2
2024-02-22 02:34:07.490,9266.0,0.0,65.10391304347824,0
2024-02-22 02:34:21.938,9883.0,0.0,56.559999999999995,0
2024-02-22 02:34:36.687,10116.0,1.0,62.968333333333334,1
2024-02-22 02:34:51.769,12415.0,8.0,62.84645161290322,4
2024-02-22 02:35:09.217,9615.0,2.0,74.56375000000001,2
2024-02-22 02:35:23.798,11768.0,8.0,68.4041935483871,5
2024-02-22 02:35:40.463,8866.0,0.0,68.6182608695652,0
2024-02-22 02:35:54.279,10898.0,2.0,69.46520000000001,1
2024-02-22 02:36:10.077,11315.0,5.0,58.21148148148149,5
2024-02-22 02:36:26.275,9682.0,2.0,72.27,2
2024-02-22 02:36:40.856,8730.0,0.0,65.20304347826087,0
2024-02-22 02:36:54.685,8965.0,0.0,69.9940909090909,0
2024-02-22 02:37:08.866,9085.0,7.0,55.62571428571429,7
2024-02-22 02:37:22.915,11681.0,3.0,59.60799999999998,2
2024-02-22 02:37:39.579,8832.0,2.0,68.39076923076922,2
2024-02-22 02:37:53.328,9682.0,0.0,65.13695652173914,0
2024-02-22 02:38:08.175,9032.0,0.0,55.22875,0
2024-02-22 02:38:22.340,9182.0,1.0,71.19416666666667,1
2024-02-22 02:38:36.488,9966.0,6.0,51.242413793103424,4
2024-02-22 02:38:51.653,10432.0,5.0,52.1957142857143,3
2024-02-22 02:39:06.884,11432.0,1.0,73.51916666666666,1
2024-02-22 02:39:23.249,9248.0,2.0,64.88115384615384,2
2024-02-22 02:39:37.297,8449.0,0.0,66.85,0
2024-02-22 02:39:50.828,8833.0,0.0,56.896521739130414,0
2024-02-22 02:40:04.527,9682.0,3.0,65.00192307692308,2
2024-02-22 02:40:19.641,8450.0,0.0,57.10956521739131,0
2024-02-22 02:40:33.139,9400.0,0.0,57.54130434782608,0
2024-02-22 02:40:47.406,8649.0,0.0,64.73,0
2024-02-22 02:41:01.188,8699.0,5.0,57.64888888888888,4
2024-02-22 02:41:14.969,10182.0,6.0,64.93892857142858,4
2024-02-22 02:41:30.250,8233.0,0.0,75.28095238095237,0
2024-02-22 02:41:43.529,8515.0,3.0,69.90040000000002,2
2024-02-22 02:41:57.277,10266.0,2.0,62.12153846153845,2
2024-02-22 02:42:12.475,9682.0,2.0,69.48416666666667,2
2024-02-22 02:42:27.223,11049.0,6.0,52.227,5
2024-02-22 02:42:43.406,10531.0,4.0,56.525,3
2024-02-22 02:42:59.020,9399.0,1.0,55.61916666666667,1
2024-02-22 02:43:13.502,10532.0,2.0,66.64639999999999,2
2024-02-22 02:43:28.999,9266.0,0.0,67.48124999999999,0
2024-02-22 02:43:43.566,9148.0,1.0,55.06173913043479,1
2024-02-22 02:43:58.097,8699.0,1.0,59.438636363636355,1
2024-02-22 02:44:11.745,9832.0,2.0,58.57759999999998,2
2024-02-22 02:44:26.577,11248.0,5.0,59.46499999999999,3
2024-02-22 02:44:42.691,8598.0,2.0,71.61260869565218,2
2024-02-22 02:44:56.471,8416.0,0.0,64.74545454545455,0
2024-02-22 02:45:09.919,10582.0,1.0,62.389166666666654,1
2024-02-22 02:45:25.434,10099.0,3.0,65.56185185185184,3
2024-02-22 02:45:40.615,8732.0,1.0,61.87791666666667,1
2024-02-22 02:45:54.246,10665.0,6.0,51.89551724137932,5
2024-02-22 02:46:09.994,10765.0,3.0,69.0768,2
2024-02-22 02:46:25.808,8800.0,0.0,61.69608695652174,0
2024-02-22 02:46:39.974,10982.0,3.0,68.7969230769231,2
2024-02-22 02:46:56.155,10832.0,4.0,54.14423076923077,4
2024-02-22 02:47:12.202,9266.0,0.0,56.68608695652173,0
2024-02-22 02:47:26.484,9866.0,2.0,63.92559999999999,2
2024-02-22 02:47:41.549,8534.0,1.0,63.115833333333335,1
2024-02-22 02:47:55.316,10066.0,1.0,69.42208333333333,1
2024-02-22 02:48:10.431,9965.0,2.0,62.21799999999999,2
2024-02-22 02:48:25.478,8666.0,0.0,70.74434782608697,0
2024-02-22 02:48:39.260,11929.0,3.0,65.08653846153844,2
2024-02-22 02:48:56.305,9465.0,1.0,65.7775,1
2024-02-22 02:49:10.937,10148.0,1.0,60.576800000000006,1
2024-02-22 02:49:26.218,10448.0,3.0,56.02958333333333,2
2024-02-22 02:49:42.533,10382.0,3.0,74.04,3
2024-02-22 02:49:57.914,8716.0,0.0,71.92181818181818,0
2024-02-22 02:50:11.729,9399.0,3.0,68.34440000000001,2
2024-02-22 02:50:26.427,9399.0,2.0,68.19954545454546,2
2024-02-22 02:50:40.775,10282.0,0.0,66.63249999999998,0
2024-02-22 02:50:55.990,12382.0,0.0,53.18391304347825,0
2024-02-22 02:51:13.455,8032.0,0.0,62.453478260869545,0
2024-02-22 02:51:26.503,9382.0,0.0,65.95416666666665,0
2024-02-22 02:51:40.917,8500.0,3.0,55.3504,2
2024-02-22 02:51:54.566,10616.0,4.0,70.9462962962963,3
2024-02-22 02:52:10.398,10832.0,4.0,61.83444444444443,3
2024-02-22 02:52:26.546,9515.0,3.0,54.9412,1
2024-02-22 02:52:41.360,10081.0,1.0,72.87000000000002,1
2024-02-22 02:52:56.624,9615.0,0.0,65.91772727272726,0
