Run Start Time,Total Time Taken (ms),Total Mistakes,Layout Difficulty,Mistake Chains
2024-01-15 19:40:06.954,12048.0,0.0,66.27695652173912,0
2024-01-15 19:40:23.951,11915.0,1.0,70.82,1
2024-01-15 19:40:41.449,9632.0,0.0,69.00772727272725,0
2024-01-15 19:40:56.030,12915.0,6.0,64.16172413793103,5
2024-01-15 19:41:13.994,10832.0,0.0,52.51913043478261,0
2024-01-15 19:41:29.892,12981.0,7.0,60.09172413793103,3
2024-01-15 19:41:47.823,11498.0,4.0,54.42222222222221,4
2024-01-15 19:42:04.320,11065.0,1.0,68.2272,1
2024-01-15 19:42:20.218,8882.0,1.0,51.39416666666667,1
2024-01-15 19:42:33.966,9649.0,1.0,70.40958333333332,1
2024-01-15 19:42:48.631,11798.0,2.0,64.60919999999999,2
2024-01-15 19:43:05.345,10932.0,1.0,77.54041666666666,1
2024-01-15 19:43:21.226,10366.0,3.0,67.6948,2
2024-01-15 19:43:36.541,10148.0,1.0,58.18239999999999,1
2024-01-15 19:47:23.943,9549.0,1.0,66.7775,1
2024-01-15 19:47:38.474,9000.0,0.0,52.57260869565218,0
2024-01-15 19:47:52.439,11565.0,6.0,73.90518518518518,3
2024-01-15 19:48:08.921,8798.0,0.0,73.90260869565216,0
2024-01-15 19:48:23.052,11483.0,1.0,65.03260869565217,1
2024-01-15 19:48:39.117,11798.0,6.0,66.61814814814817,3
2024-01-15 19:48:56.165,9665.0,1.0,69.13583333333334,1
2024-01-15 19:49:10.930,11781.0,6.0,60.96758620689655,5
2024-01-15 19:49:27.777,12799.0,6.0,72.77444444444444,4
2024-01-15 19:49:45.525,10365.0,4.0,69.66111111111111,4
2024-01-15 19:50:00.823,9831.0,0.0,62.144347826086964,0
2024-01-15 19:50:15.537,10499.0,2.0,51.64346153846154,2
2024-01-15 19:50:31.268,9398.0,4.0,64.7374074074074,4
2024-01-15 19:50:45.383,9115.0,2.0,51.347599999999986,2
2024-01-15 19:50:59.614,9215.0,1.0,58.53608695652174,1
2024-01-15 19:51:13.895,8266.0,1.0,51.267826086956504,1
2024-01-15 19:51:27.227,10748.0,5.0,56.61275862068965,5
2024-01-15 19:51:42.975,9665.0,0.0,68.81083333333335,0
2024-01-15 19:51:57.656,10616.0,4.0,67.51291666666667,3
2024-01-15 19:52:13.621,10899.0,0.0,62.193913043478275,0
2024-01-15 19:52:29.219,10316.0,2.0,52.858799999999995,2
2024-01-15 19:52:44.717,11166.0,3.0,66.384,2
2024-01-15 19:53:00.948,8515.0,0.0,69.595,0
2024-01-15 19:53:14.512,11965.0,4.0,60.84928571428571,4
2024-01-15 19:53:31.693,9799.0,3.0,47.096799999999995,3
2024-01-15 19:53:46.458,9249.0,2.0,60.18384615384615,2
2024-01-15 19:54:00.840,9881.0,0.0,62.141304347826065,0
2024-01-15 19:54:15.654,8949.0,1.0,67.848,1
2024-01-15 19:54:29.536,10181.0,2.0,62.843846153846144,2
2024-01-15 19:54:44.750,9499.0,3.0,64.24520000000001,3
2024-01-15 19:54:59.065,11548.0,5.0,57.61071428571427,4
2024-01-15 19:55:15.746,10232.0,5.0,66.75035714285713,3
2024-01-15 19:55:30.711,9781.0,2.0,54.5732,1
2024-01-15 19:55:45.342,10833.0,1.0,65.80166666666668,1
2024-01-15 19:56:01.040,11632.0,2.0,73.04839999999999,1
2024-01-15 19:56:17.738,10998.0,2.0,73.5816,1
2024-01-15 19:56:33.586,10398.0,3.0,53.827600000000004,2
2024-01-15 19:56:48.967,11116.0,4.0,60.60499999999998,4
2024-01-15 19:57:05.115,9449.0,2.0,61.37583333333333,2
2024-01-15 19:57:19.313,11782.0,7.0,70.32000000000001,3
2024-01-15 19:57:35.911,11865.0,7.0,60.43466666666667,6
2024-01-15 19:57:53.042,8949.0,0.0,59.61375,0
2024-01-15 19:58:07.072,10999.0,1.0,68.10159999999999,1
2024-01-15 19:58:23.137,11098.0,2.0,64.206,2
2024-01-15 19:58:39.351,10982.0,5.0,70.62928571428573,4
2024-01-15 19:58:55.266,11199.0,3.0,63.40740740740742,2
2024-01-15 19:59:12.364,9916.0,3.0,57.32481481481481,2
2024-01-15 19:59:27.295,7399.0,1.0,55.00304347826085,1
2024-01-15 19:59:41.094,9914.0,5.0,52.34551724137929,5
2024-01-15 19:59:56.058,9199.0,0.0,75.67782608695651,0
2024-01-15 20:00:10.407,12497.0,5.0,47.39931034482758,4
2024-01-15 20:00:27.987,10065.0,0.0,67.54478260869566,0
2024-01-15 20:00:43.518,11916.0,5.0,66.71678571428572,3
2024-01-15 20:01:00.699,10565.0,1.0,73.5948,1
2024-01-15 20:01:16.330,9616.0,1.0,63.63119999999999,1
2024-01-15 20:01:30.879,11181.0,4.0,59.60000000000001,4
2024-01-15 20:01:47.176,10383.0,2.0,66.19304347826088,2
2024-01-15 20:02:02.657,11433.0,4.0,58.26481481481483,3
2024-01-15 20:02:18.706,11531.0,5.0,54.06642857142858,4
2024-01-15 20:02:34.870,11382.0,1.0,56.58217391304347,1
2024-01-15 20:02:51.218,8432.0,1.0,57.596666666666664,1
2024-01-15 20:03:04.715,8100.0,4.0,44.053076923076915,4
2024-01-15 20:03:18.081,10698.0,0.0,61.87478260869564,0
2024-01-15 20:03:33.778,9699.0,2.0,64.6728,1
2024-01-15 20:03:48.760,10282.0,3.0,59.38333333333334,2
2024-01-15 20:04:04.024,10716.0,5.0,57.07821428571429,3
2024-01-15 20:04:19.872,10932.0,0.0,65.0859090909091,0
2024-01-15 20:04:35.754,10316.0,3.0,49.78923076923075,3
2024-01-15 20:04:51.235,10182.0,2.0,56.82999999999999,2
2024-01-15 20:05:06.450,10015.0,0.0,74.27791666666666,0
2024-01-15 20:05:21.598,11165.0,3.0,57.8974074074074,3
2024-01-15 20:05:37.695,10983.0,6.0,57.41931034482758,5
2024-01-15 20:05:53.510,10582.0,2.0,61.119230769230775,2
2024-01-15 20:06:09.257,11665.0,7.0,46.948214285714286,5
2024-01-15 20:06:25.888,10883.0,0.0,70.42791666666666,0
2024-01-15 20:06:41.587,9881.0,1.0,65.24240000000002,1
2024-01-15 20:06:56.384,10399.0,1.0,68.79833333333333,1
2024-01-15 20:07:11.665,11865.0,4.0,70.98607142857144,3
2024-01-15 20:07:28.580,10316.0,0.0,60.26041666666666,0
2024-01-15 20:07:44.161,9933.0,0.0,69.02833333333335,0
2024-01-15 20:07:58.993,11980.0,2.0,57.74799999999999,2
2024-01-15 20:08:15.823,10049.0,2.0,72.38041666666666,1
2024-01-15 20:08:30.922,10647.0,2.0,76.29304347826087,2
2024-01-15 20:08:46.436,11082.0,1.0,66.73280000000001,1
2024-01-15 20:09:02.584,10382.0,2.0,65.20120000000001,2
2024-01-15 20:09:18.015,11550.0,6.0,59.31758620689654,2
2024-01-15 20:09:34.380,11748.0,4.0,62.07464285714285,4
2024-01-15 20:09:51.011,10582.0,0.0,59.39227272727273,0
2024-01-15 20:10:06.709,11298.0,4.0,68.07518518518519,3
2024-01-15 20:10:22.807,10132.0,2.0,64.536,2
2024-01-15 20:10:38.071,11148.0,1.0,66.44791666666664,1
2024-01-15 20:10:54.169,10898.0,6.0,62.55133333333334,4
2024-01-15 20:11:10.117,10099.0,5.0,55.86571428571428,3
2024-01-15 20:11:25.165,9215.0,1.0,58.56434782608694,1
2024-01-15 20:11:39.546,10899.0,2.0,62.3684,2
2024-01-15 20:11:55.294,8866.0,0.0,70.71173913043478,0
2024-01-15 20:12:09.192,9515.0,0.0,58.83565217391303,0
2024-01-15 20:12:24.073,9299.0,2.0,72.64479999999999,1
2024-01-15 20:12:38.054,11650.0,5.0,64.68285714285713,4
2024-01-15 20:12:54.652,9683.0,3.0,55.569999999999986,3
2024-01-15 20:13:09.617,12149.0,3.0,79.5552,3
2024-01-15 20:13:27.048,11015.0,2.0,71.24399999999999,1
