Run Start Time,Total Time Taken (ms),Total Mistakes,Layout Difficulty,Mistake Chains
2024-01-18 20:34:37.527,11164.0,5.0,62.021428571428565,3
2024-01-18 20:34:53.874,10365.0,1.0,65.63083333333334,1
2024-01-18 20:35:09.555,11115.0,3.0,58.915,3
2024-01-18 20:35:25.753,11582.0,9.0,64.95575757575756,6
2024-01-18 20:35:42.451,10281.0,5.0,42.23115384615384,5
2024-01-18 20:35:57.798,11466.0,5.0,74.96892857142856,4
2024-01-18 20:36:14.280,9965.0,2.0,59.76541666666663,1
2024-01-18 20:36:28.928,11582.0,4.0,74.26148148148148,3
2024-01-18 20:36:45.676,11215.0,4.0,55.956538461538486,3
2024-01-18 20:37:01.857,7815.0,0.0,66.99,0
2024-01-18 20:37:15.021,9750.0,1.0,53.01875000000001,1
2024-01-18 20:37:30.152,9299.0,2.0,60.63879999999999,2
2024-01-18 20:37:44.367,10266.0,3.0,72.7374074074074,3
2024-01-18 20:37:59.716,10131.0,5.0,65.91285714285715,3
2024-01-18 20:38:14.631,9582.0,0.0,77.76,0
2024-01-18 20:38:29.245,10198.0,3.0,74.68538461538459,2
2024-01-18 20:38:44.360,11498.0,5.0,54.64586206896551,4
2024-01-18 20:39:00.774,9432.0,1.0,74.16791666666667,1
2024-01-18 20:39:15.088,12182.0,0.0,72.60608695652171,0
2024-01-18 20:39:32.237,10598.0,4.0,66.15518518518519,4
2024-01-18 20:39:47.884,10332.0,1.0,58.927916666666654,1
2024-01-18 20:40:03.248,12165.0,3.0,62.656153846153835,2
2024-01-18 20:40:20.479,9700.0,5.0,62.61851851851851,4
2024-01-18 20:40:35.245,11214.0,0.0,63.19260869565217,0
2024-01-18 20:40:51.359,12365.0,1.0,68.40391304347825,1
2024-01-18 20:41:08.840,9481.0,1.0,63.412272727272736,1
2024-01-18 20:41:23.371,9482.0,1.0,60.55583333333333,1
2024-01-18 20:41:37.986,11332.0,0.0,69.25681818181816,0
2024-01-18 20:41:54.184,9165.0,3.0,65.21130434782609,2
2024-01-18 20:42:08.482,10981.0,5.0,54.839285714285715,3
2024-01-18 20:42:24.129,9349.0,2.0,55.306086956521725,2
2024-01-18 20:42:38.361,8315.0,0.0,58.73363636363636,0
2024-01-18 20:42:51.742,10682.0,2.0,74.03541666666666,1
2024-01-18 20:43:07.907,10065.0,8.0,61.14,5
2024-01-18 20:43:22.855,9598.0,5.0,57.78153846153846,4
2024-01-18 20:43:37.469,10000.0,2.0,68.24333333333334,1
2024-01-18 20:43:52.401,8415.0,1.0,68.10000000000001,1
2024-01-18 20:44:05.782,10950.0,7.0,64.99699999999999,2
2024-01-18 20:44:22.047,10448.0,3.0,47.63083333333332,3
2024-01-18 20:44:37.444,8716.0,0.0,61.073181818181816,0
2024-01-18 20:44:51.792,11049.0,7.0,47.99766666666666,3
2024-01-18 20:45:07.757,11599.0,2.0,62.90039999999999,2
2024-01-18 20:45:24.355,8949.0,1.0,63.23250000000002,1
2024-01-18 20:45:38.370,9715.0,0.0,70.42999999999999,0
2024-01-18 20:45:52.884,11766.0,8.0,70.52533333333334,5
2024-01-18 20:46:09.733,8948.0,0.0,62.23181818181817,0
2024-01-18 20:46:23.564,10948.0,1.0,59.76541666666665,1
2024-01-18 20:46:39.678,10882.0,4.0,69.61964285714285,4
2024-01-18 20:46:55.409,10299.0,0.0,74.51130434782608,0
2024-01-18 20:47:10.557,10183.0,3.0,69.20375,1
2024-01-18 20:47:25.688,10199.0,2.0,65.9752,2
2024-01-18 20:47:40.703,10615.0,2.0,65.032,1
2024-01-18 20:47:56.401,11532.0,6.0,63.34551724137931,5
2024-01-18 20:48:12.898,9783.0,3.0,57.26666666666666,2
2024-01-18 20:48:27.581,10199.0,3.0,66.87961538461538,2
2024-01-18 20:48:42.695,9482.0,1.0,69.30375,1
2024-01-18 20:48:57.343,9982.0,0.0,69.5,0
2024-01-18 20:49:12.358,9532.0,0.0,66.47304347826088,0
2024-01-18 20:49:27.038,10999.0,3.0,61.8011111111111,3
2024-01-18 20:49:42.970,11365.0,0.0,76.18565217391304,0
2024-01-18 20:49:59.367,9049.0,2.0,70.4404,1
2024-01-18 20:50:13.299,9532.0,2.0,59.75583333333333,2
2024-01-18 20:50:27.830,9299.0,3.0,57.13640000000001,3
2024-01-18 20:50:42.095,10415.0,2.0,53.570833333333326,2
2024-01-18 20:50:57.626,9849.0,4.0,68.38178571428571,3
2024-01-18 20:51:12.658,10815.0,1.0,59.72749999999999,1
2024-01-18 20:51:28.373,11048.0,1.0,65.01958333333332,1
2024-01-18 20:51:44.604,9199.0,1.0,62.349130434782595,1
2024-01-18 20:51:59.335,9982.0,2.0,57.8196,1
2024-01-18 20:52:14.316,9516.0,2.0,77.3032,2
2024-01-18 20:52:29.231,9899.0,0.0,68.43500000000002,0
2024-01-18 20:52:44.212,9515.0,4.0,59.857692307692304,2
2024-01-18 20:52:59.077,8099.0,0.0,74.88045454545454,0
2024-01-18 20:53:12.358,9499.0,4.0,59.422692307692316,2
2024-01-18 20:53:26.940,9449.0,2.0,70.84625000000001,2
2024-01-18 20:53:41.388,9749.0,2.0,59.33333333333334,2
2024-01-18 20:53:56.070,8615.0,0.0,64.4009090909091,0
2024-01-18 20:54:09.834,12398.0,3.0,63.92115384615385,2
2024-01-18 20:54:27.149,8098.000000000001,0.0,69.04782608695652,0
2024-01-18 20:54:40.280,10032.0,1.0,64.00083333333333,1
2024-01-18 20:54:55.478,10498.0,3.0,62.9676923076923,2
2024-01-18 20:55:11.292,9916.0,2.0,54.32307692307692,2
2024-01-18 20:55:26.507,9565.0,1.0,62.05833333333334,1
2024-01-18 20:55:41.321,11349.0,1.0,58.79090909090908,1
2024-01-18 20:55:57.619,11632.0,2.0,70.4124,2
2024-01-18 20:56:14.300,10149.0,5.0,61.918148148148155,4
2024-01-18 20:56:29.498,9849.0,2.0,49.120000000000005,2
2024-01-18 20:56:44.480,9248.0,0.0,56.059999999999995,0
2024-01-18 20:56:58.878,11831.0,1.0,62.53333333333334,1
2024-01-18 20:57:15.558,8849.0,0.0,54.584166666666654,0
2024-01-18 20:57:29.457,9081.0,0.0,66.30304347826088,0
2024-01-18 20:57:43.654,9899.0,2.0,65.95458333333332,2
2024-01-18 20:57:58.536,10333.0,2.0,64.6308695652174,1
2024-01-18 20:58:13.967,10182.0,4.0,66.3104,2
2024-01-18 20:58:29.149,9765.0,3.0,66.58999999999999,1
2024-01-18 20:58:44.030,8999.0,0.0,62.9,0
2024-01-18 20:58:58.295,11648.0,4.0,64.58153846153847,2
2024-01-18 20:59:14.876,10965.0,2.0,74.73759999999999,1
2024-01-18 20:59:30.891,13914.0,4.0,66.2830769230769,1
2024-01-18 20:59:49.955,9865.0,2.0,54.04239999999999,1
2024-01-18 21:00:05.087,11364.0,7.0,68.90655172413794,4
2024-01-18 21:00:21.617,9449.0,1.0,73.43375000000002,1
2024-01-18 21:00:36.232,10998.0,1.0,54.96416666666665,1
2024-01-18 21:00:52.246,11398.0,3.0,71.3516,3
2024-01-18 21:01:08.694,9881.0,1.0,69.98,1
2024-01-18 21:01:23.609,10564.0,2.0,60.19119999999999,1
2024-01-18 21:01:39.323,10649.0,5.0,62.983846153846144,5
2024-01-18 21:01:55.371,10148.0,4.0,68.73178571428569,3
2024-01-18 21:02:10.602,9900.0,2.0,65.61375,2
2024-01-18 21:02:25.634,11098.0,3.0,57.85230769230769,3
2024-01-18 21:02:41.798,9349.0,0.0,62.20260869565219,0
2024-01-18 21:02:56.180,12981.0,7.0,63.52099999999999,6
2024-01-18 21:03:14.177,9615.0,0.0,62.09958333333332,0
2024-01-18 21:03:29.091,10132.0,0.0,63.82291666666666,0
2024-01-18 21:03:44.356,11048.0,0.0,74.32826086956523,0
2024-01-18 21:04:00.287,9298.0,2.0,64.96083333333334,2
2024-01-18 21:04:14.469,12281.0,3.0,53.9376923076923,3
2024-01-18 21:04:32.266,8533.0,1.0,57.82250000000001,1
