Run Start Time,Total Time Taken (ms),Total Mistakes,Layout Difficulty,Mistake Chains
2023-12-30 21:03:54.643,14398.0,6.0,59.55541666666667,5
2023-12-30 21:04:16.457,14680.0,7.0,72.42217391304348,7
2023-12-30 21:04:36.136,13315.0,4.0,56.2725,4
2023-12-30 21:04:54.334,12048.0,2.0,65.65916666666666,1
2023-12-30 21:05:11.482,13264.0,4.0,69.53083333333335,3
2023-12-30 21:05:29.798,12281.0,2.0,70.91833333333335,2
2023-12-30 21:05:47.345,12115.0,0.0,62.79416666666666,0
2023-12-30 21:06:04.576,12583.0,3.0,65.45391304347827,3
2023-12-30 21:06:22.224,11866.0,6.0,53.284166666666664,4
2023-12-30 21:06:39.239,12965.0,1.0,45.09416666666666,1
2023-12-30 21:06:57.536,10549.0,0.0,54.40826086956522,0
2023-12-30 21:07:13.301,11615.0,6.0,61.2095652173913,3
2023-12-30 21:07:29.930,11149.0,1.0,66.69545454545457,1
2023-12-30 21:07:46.012,11548.0,0.0,77.56291666666667,0
2023-12-30 21:08:03.109,13082.0,7.0,68.2275,5
2023-12-30 21:08:21.273,12030.0,1.0,69.16391304347825,1
2023-12-30 21:08:38.203,12231.0,6.0,69.95083333333334,6
2023-12-30 21:08:55.501,13097.0,8.0,53.3296,6
2023-12-30 21:09:13.581,12865.0,3.0,58.84125000000001,2
2023-12-30 21:09:31.614,11463.0,1.0,54.43869565217391,1
2023-12-30 21:09:48.110,11398.0,2.0,67.35739130434781,2
2023-12-30 21:10:04.942,11198.0,4.0,53.86958333333331,3
2023-12-30 21:10:21.339,12086.0,3.0,58.48086956521739,2
2023-12-30 21:10:38.740,11933.0,2.0,62.898695652173906,2
2023-12-30 21:10:55.838,11682.0,0.0,62.7804347826087,0
2023-12-30 21:11:12.853,12631.0,8.0,51.55652173913043,5
2023-12-30 21:11:30.467,10665.0,3.0,53.99416666666667,2
2023-12-30 21:11:46.181,10999.0,2.0,56.48909090909089,1
2023-12-30 21:12:02.463,9848.0,1.0,58.06695652173913,1
2023-12-30 21:12:17.344,9380.0,0.0,52.37260869565218,0
2023-12-30 21:12:31.723,12965.0,5.0,51.75416666666666,4
2023-12-30 21:12:49.955,9614.0,3.0,74.16428571428571,3
2023-12-30 21:13:04.735,12582.0,5.0,67.93583333333335,4
2023-12-30 21:13:22.533,14764.0,9.0,68.20652173913042,6
2023-12-30 21:13:42.412,13199.0,5.0,80.22304347826086,3
2023-12-30 21:14:00.576,14032.0,3.0,58.37695652173913,3
2023-12-30 21:14:19.707,12384.0,3.0,68.03086956521739,2
2023-12-30 21:14:37.207,12398.0,1.0,66.28608695652174,1
2023-12-30 21:14:54.521,13250.0,8.0,63.17583333333334,6
2023-12-30 21:15:12.818,13012.0,3.0,58.18304347826087,3
2023-12-30 21:15:30.946,13132.0,5.0,61.942400000000006,5
2023-12-30 21:15:49.344,10982.0,1.0,64.28260869565217,1
2023-12-30 21:16:05.458,10282.0,1.0,61.5609090909091,1
2023-12-30 21:16:21.190,11897.0,6.0,74.48782608695652,4
2023-12-30 21:16:38.469,12049.0,4.0,67.42958333333333,4
2023-12-30 21:16:55.284,11282.0,2.0,60.43727272727272,2
2023-12-30 21:17:11.665,14256.0,3.0,71.82782608695653,2
2023-12-30 21:17:31.287,11014.0,5.0,62.05739130434781,5
2023-12-30 21:17:47.133,12065.0,4.0,58.79041666666668,4
2023-12-30 21:18:04.481,10732.0,1.0,49.21333333333334,1
2023-12-30 21:18:20.312,11949.0,2.0,51.27227272727273,2
2023-12-30 21:18:37.375,12715.0,4.0,63.377272727272725,3
2023-12-30 21:18:55.189,13432.0,6.0,69.84416666666667,4
2023-12-30 21:19:13.753,12344.0,4.0,65.55565217391305,3
2023-12-30 21:19:31.180,12265.0,2.0,67.53333333333333,2
2023-12-30 21:19:48.611,10915.0,1.0,49.74347826086955,1
2023-12-30 21:20:04.508,13232.0,3.0,64.12636363636364,3
2023-12-30 21:20:22.823,11914.0,5.0,69.13190476190475,4
2023-12-30 21:20:40.753,13049.0,5.0,73.67909090909089,5
2023-12-30 21:20:59.384,12532.0,1.0,72.54954545454545,1
2023-12-30 21:21:17.182,11421.0,2.0,72.3795652173913,2
2023-12-30 21:21:33.919,13682.0,2.0,65.40130434782608,2
2023-12-30 21:21:52.483,10082.0,1.0,58.88739130434783,1
2023-12-30 21:22:08.564,14815.0,7.0,60.44791666666666,4
2023-12-30 21:22:28.374,11332.0,0.0,60.84833333333333,0
2023-12-30 21:22:44.905,11082.0,2.0,73.39208333333335,1
2023-12-30 21:23:01.253,10715.0,2.0,56.02,2
2023-12-30 21:23:17.200,12034.0,4.0,55.883043478260845,3
2023-12-30 21:23:34.350,12098.0,2.0,63.30478260869564,1
2023-12-30 21:23:51.881,11282.0,2.0,66.0591304347826,2
2023-12-30 21:24:08.595,13315.0,6.0,61.32916666666666,5
2023-12-30 21:24:27.023,11882.0,4.0,78.19260869565217,3
2023-12-30 21:24:44.071,11832.0,5.0,60.837916666666665,3
2023-12-30 21:25:01.268,10750.0,2.0,67.70875,2
2023-12-30 21:25:16.983,9670.0,0.0,70.86391304347826,0
2023-12-30 21:25:31.852,11615.0,0.0,66.51166666666667,0
2023-12-30 21:25:48.449,13982.0,0.0,73.69130434782608,0
2023-12-30 21:26:07.564,9815.0,5.0,59.94652173913043,2
2023-12-30 21:26:22.478,12882.0,4.0,57.38125,3
2023-12-30 21:26:40.610,11664.0,2.0,66.97166666666666,2
2023-12-30 21:26:57.424,10065.0,2.0,62.11869565217391,2
2023-12-30 21:27:12.655,11548.0,3.0,71.35652173913044,3
2023-12-30 21:27:29.265,11582.0,4.0,70.63583333333334,3
2023-12-30 21:27:46.062,12082.0,2.0,67.42166666666667,1
2023-12-30 21:28:03.294,12931.0,8.0,60.9212,6
2023-12-30 21:28:20.958,11586.0,1.0,53.13083333333332,1
2023-12-30 21:28:37.760,12882.0,3.0,66.175,3
2023-12-30 21:28:55.724,10700.0,3.0,62.64636363636364,3
2023-12-30 21:29:11.422,12665.0,3.0,69.9904347826087,2
2023-12-30 21:29:29.047,10200.0,0.0,64.96291666666669,0
2023-12-30 21:29:44.312,12748.0,5.0,59.658695652173904,4
2023-12-30 21:30:02.243,11532.0,1.0,69.03260869565216,1
2023-12-30 21:30:19.190,13953.0,4.0,53.906956521739126,2
2023-12-30 21:30:38.259,11715.0,3.0,84.49954545454545,3
2023-12-30 21:30:55.007,11432.0,3.0,59.40260869565218,3
2023-12-30 21:31:11.338,12281.0,2.0,62.204583333333325,2
2023-12-30 21:31:28.782,13131.0,5.0,67.38913043478261,4
2023-12-30 21:31:47.112,10649.0,3.0,66.23227272727271,2
2023-12-30 21:32:02.943,12333.0,3.0,55.50565217391305,3
2023-12-30 21:32:20.424,13122.0,4.0,68.16347826086957,4
2023-12-30 21:32:38.712,10865.0,2.0,60.62409090909091,2
2023-12-30 21:32:55.459,10183.0,0.0,52.88043478260869,0
2023-12-30 21:33:10.491,12948.0,6.0,51.440416666666664,5
2023-12-30 21:33:28.200,10048.0,2.0,61.50260869565217,2
2023-12-30 21:33:44.514,9682.0,2.0,53.81521739130435,2
